@ONLINE {ti,
    url= {http://www.ti.com/lit/an/sloa060/sloa060.pdf},
    urldate = {March-2001},
    author = {Ron Mancini and Richard Palmer},
    title = {Sine-Wave Oscillator Application Report}
}

@book{Sedra,
  author = {Adel Sedra, Kenneth C. Smith},
  year = {1982},
  title = {Microelectronic circuits},
  publisher = {Oxford University Press},
  edition = {5}
}

@ONLINE {RC,
    url= {https://www.elprocus.com/rc-phase-shift-oscillator-circuit-using-bjt-frequency/},
    author = {Elprocus},
    title = {RC Phase Shift Oscillator Working and Its Applications}
}

@ONLINE {WB,
    url= {https://www.elprocus.com/wien-bridge-oscillator-circuit-working/},
    author = {Elprocus},
    title = {Tutorial on Wien Bridge Oscillator Circuit And It’s Working}
}

@ONLINE {IC,
    url= {https://www.elprocus.com/op-amp-ics-pin-configuration-features-working/},
    author = {Elprocus},
    title = {Op-Amp IC’s – Pin Configuration, Features & Working}
}